@book{shen2,
	author={Верещагин, {Н. К.} and Шень, {А.}},
	title={{Лекции} по математической логике. {Часть} 2. {Языки} и исчисления},
	publisher={МЦНМО},
	year={2012},
	address={Москва},
	pages={240}}

@book{shen3,
	author={Верещагин, {Н. К.} and Шень, {А.}},
	title={{Лекции} по математической логике. {Часть} 3. {Вычислимые} функции},
	publisher={МЦНМО},
	year={2012},
	address={Москва},
	pages={159}}

@book{katlend,
	author={Катленд, {Н.}},
	title={{Вычислимость}. {Введение} в теорию рекурсивных функций},
	publisher={Мир},
	year={1983},
	address={Москва},
	pages={255}}

@book{lavrmaks,
	author={Лавров, {И. А.} and Максимова, {Л. Л.}},
	title={Задачи по теории множеств, математической логике и теории алгоритмов},
	edition={4},
	publisher={Наука},
	year={2001},
	address={Москва},
	pages={256}}

@book{shenfield,
	author={Шенфилд, {Дж.}},
	title={Математическая логика},
	publisher={Наука},
	year={1975},
	address={Москва},
	pages={528}}
